@article {OutDoorHours,
author = {Diffey, B.L.},
title = {An overview analysis of the time people spend outdoors},
journal = {British Journal of Dermatology},
volume = {164},
number = {4},
publisher = {Blackwell Publishing Ltd},
issn = {1365-2133},
pages = {848--854},
year = {2011},
}

@article{InDoorHours,
  title={The National Human Activity Pattern Survey (NHAPS): a resource for assessing exposure to environmental pollutants},
  author={Klepeis, Neil E and Nelson, William C and Ott, Wayne R and Robinson, John P and Tsang, Andy M and Switzer, Paul and Behar, Joseph V and Hern, Stephen C and Engelmann, William H},
  journal={Journal of Exposure Science and Environmental Epidemiology},
  volume={11},
  number={3},
  pages={231},
  year={2001},
  publisher={Nature Publishing Group}
}

@misc{NISTpractical,
  title={Practical Combinatorial Testing},
  author={D.R. Kuhn and R.N. Kacker and Y. Lei},
  year={2010},
  howpublished={NIST Special Publication 800-142},
}

@article{rework,
  title={Using combinatorial testing to reduce software rework},
  author={R. Bartholomew and R. Collins},
  journal={CrossTalk},
  volume={23},
  pages={23--26},
  year={2014}
  }

@inproceedings{OffuttIPM,
 author = {Grindal, Mats and Offutt, Jeff},
 title = {Input Parameter Modeling for Combination Strategies},
 booktitle = {Proceedings of the 25th Conference on IASTED International Multi-Conference: Software Engineering},
 series = {SE'07},
 year = {2007},
 location = {Innsbruck, Austria},
 pages = {255--260},
 numpages = {6},
 acmid = {1332085},
 publisher = {ACTA Press},
 address = {Anaheim, CA, USA},
 keywords = {category partition, combinatorial testing, model-based testing, software testing},
}

@article{SCsecurity,
title = "Future challenges for smart cities: Cyber-security and digital forensics",
journal = "Digital Investigation",
volume = "22",
pages = "3 - 13",
year = "2017",
issn = "1742-2876",
author = "Zubair A. Baig and et al.",
}

@misc{TUW,
  title={Smart cities, {R}anking of {E}uropean medium-sized cities },
  author={{Centre of Regional Science}},
  howpublished={Available at \url{http://www.smart-cities.eu/download/smart_cities_final_report.pdf},
Accessed on 2018-02-10},
}

@article{Khatoun,
 author = {Khatoun, Rida and Zeadally, Sherali},
 title = {Smart Cities: Concepts, Architectures, Research Opportunities},
 journal = {Commun. ACM},
 issue_date = {August 2016},
 volume = {59},
 number = {8},
 month = jul,
 year = {2016},
 issn = {0001-0782},
 pages = {46--57},
 numpages = {12},
 acmid = {2858789},
 publisher = {ACM},
 address = {New York, NY, USA},
} 

@article{2kpaper,
  title={Smart cities in Europe},
  author={Caragliu, Andrea and Del Bo, Chiara and Nijkamp, Peter},
  journal={Journal of urban technology},
  volume={18},
  number={2},
  pages={65--82},
  year={2011},
  publisher={Taylor \& Francis}
}

@inproceedings{ACTS-tool,
  title={{ACTS}: A combinatorial test generation tool},
  author={Yu, Linbin and Lei, Yu and Kacker, Raghu N and Kuhn, D Richard},
  booktitle={2013 IEEE Sixth International Conference on Software Testing, Verification and Validation},
  pages={370--375},
  year={2013},
  organization={IEEE}
}

@article{CHENG20071943,
title = "The test suite generation problem: Optimal instances and their implications",
journal = "Discrete Applied Mathematics",
volume = "155",
number = "15",
pages = "1943 - 1957",
year = "2007",
author = "Christine T. Cheng",
}